% This file was created with JabRef 2.10b2.
% Encoding: UTF8

%Sitios
@misc{rowe,
	subtitle={Nginx vs Apache},
	title={ANTURIS BLOG},
	url={https://anturis.com/blog/nginx-vs-apache/},
	urlaccessdate={12 Nov. 2014},
	year={2014}
}

@misc{fastcgi,
	title={FastCGI: A High-Performance Web Server Interface},
	url={http://www.fastcgi.com/drupal/node/6?q=node/15},
	urlaccessdate={16 Nov. 2014},
	year={2014}
}

@misc{ufvjm,
	subtitle={Dados Gerais},
	title={UFVJM},
url={http://www.ufvjm.edu.br/numeros/index.php?option=com_content&view=article&id=12&Itemid=2},
	urlaccessdate={12 Nov. 2014},
	year={2014}
}

@misc{LOcalc,
	subtitle={Inserir gráficos},
	title={LibreOffice Help},
	url={https://help.libreoffice.org/Common/Inserting_Charts/pt-BR},
	urlaccessdate={14 Nov. 2014},
	year={2014}
}

@misc{c10kproblem,
	title={The C10K problem},
	url={http://www.kegel.com/c10k.html},
	urlaccessdate={12 Nov. 2014},
	year={2014}
}

@misc{netcraft,
	title={Netcraft},
	subtitle={October 2014 Web Server Survey},
	url={http://news.netcraft.com/archives/2014/10/10/october-2014-web-server-survey.html},
	urlaccessdate={12 Nov. 2014},
	year={2014}
}

@misc{apacheAB,
	title={Apache HTTP Server Version 2.2},
	subtitle={ab - Apache HTTP server benchmarking tool},
	url={http://httpd.apache.org/docs/2.2/programs/ab.html},
	urlaccessdate={12 Nov. 2014},
	year={2014}
}

@misc{aboutAPACHE,
	title={Apache HTTP Server Project},
	subtitle={About the Apache HTTP Server Project},
	url={http://httpd.apache.org/ABOUT_APACHE.html},
	urlaccessdate={12 Nov. 2014},
	year={2014}
}

@misc{aboutNGINX,
	title={Nginx Community},
	subtitle={Main},
	url={http://wiki.nginx.org/},
	urlaccessdate={12 Nov. 2014},
	year={2014}
}

@Book{bowenandcoar2003,
  Title                    = {Apache Cookbook},
  Author                   = {Rich Bowen and Ken Coar},
  Publisher                = {O'Reilly \& Associates, Inc.},
  Year                     = {2003},

  Owner                    = {lucasaraujo},
  Timestamp                = {2014.11.12}
}

@Book{laurieandlaurie2003,
  Title                    = {Apache: The Definitive Guide},
  Author                   = {Ben Laurie and Peter Laurie},
  Publisher                = {O'Reilly \& Associates, Inc.},
  Year                     = {2003},
  Edition                  = {3},

  Owner                    = {lucasaraujo},
  Timestamp                = {2014.11.12}
}

@Book{nedelcu2013,
  Title                    = {Nginx HTTP Server},
  Author                   = {Clément Nedelcu},
  Publisher                = {Packt Publishing},
  Year                     = {2013},
  Edition                  = {2},
  Month                    = {Julho},

  Owner                    = {lucasaraujo},
  Timestamp                = {2014.11.12}
}

@Book{sarkar2011,
  Title                    = {Nginx 1 Web Server Implementation Cookbook},
  Author                   = {Dipankar Sarkar},
  Publisher                = {Packt Publishing},
  Year                     = {2011},
  Month                    = {Maio},

  Owner                    = {lucasaraujo},
  Timestamp                = {2014.11.12}
}

@Book{stallings2005,
  Title                    = {Redes e sistemas de comunicação de dados: teoria e aplicações corporativas},
  Author                   = {William Stallings},
  Publisher                = {Elsevier},
  Year                     = {2005},
  Edition                  = {5},

  Owner                    = {lucasaraujo},
  Timestamp                = {2014.11.12}
}

